<collection xmlns="http://www.loc.gov/MARC21/slim">
<record>
  <leader>01136nam0a22002411i 450 </leader>
  <controlfield tag="001">IT\ICCU\CNCE\057328</controlfield>
  <controlfield tag="005">20060426000000.0</controlfield>
  <datafield tag="100" ind1=" " ind2=" ">
    <subfield code="a">20040409d1599        0itac0103    ba</subfield>
  </datafield>
  <datafield tag="101" ind1=" " ind2=" ">
    <subfield code="a">ITA</subfield>
  </datafield>
  <datafield tag="102" ind1=" " ind2=" ">
    <subfield code="a">IT</subfield>
  </datafield>
  <datafield tag="200" ind1="1" ind2=" ">
    <subfield code="a">Delle lettere amorose del mag. m. Alvise Pasqualigo, libri quattro ... Nuouamente stampate, &amp; con diligenza ricorrette</subfield>
  </datafield>
  <datafield tag="210" ind1=" " ind2=" ">
    <subfield code="a">In Trivigi</subfield>
    <subfield code="c">appresso Aurelio Reghettini</subfield>
    <subfield code="d">1599</subfield>
  </datafield>
  <datafield tag="300" ind1=" " ind2=" ">
    <subfield code="a">Stampato da Francesco Zanetti. Cfr. A. Cont,̣ La stampa a Treviso nel secolo XVI. Appunti per un catalogo, n. 106</subfield>
  </datafield>
  <datafield tag="620" ind1=" " ind2=" ">
    <subfield code="a">IT</subfield>
    <subfield code="d">Treviso</subfield>
  </datafield>
  <datafield tag="700" ind1=" " ind2="1">
    <subfield code="a">Pasqualigo,</subfield>
    <subfield code="b">Luigi</subfield>
    <subfield code="3">IT\ICCU\CNCA\011100</subfield>
  </datafield>
  <datafield tag="712" ind1="0" ind2="0">
    <subfield code="a">Reghettini, Aurelio</subfield>
    <subfield code="3">IT\ICCU\CNCT\000126</subfield>
    <subfield code="4">650</subfield>
  </datafield>
  <datafield tag="712" ind1="0" ind2="0">
    <subfield code="a">Zanetti, Fabrizio</subfield>
    <subfield code="3">IT\ICCU\CNCT\000127</subfield>
    <subfield code="4">650</subfield>
  </datafield>
  <datafield tag="790" ind1=" " ind2="1">
    <subfield code="a">Pasqualigo,</subfield>
    <subfield code="b">Alvise</subfield>
    <subfield code="3">IT\ICCU\CNCA\017923</subfield>
    <subfield code="z">Pasqualigo, Luigi</subfield>
  </datafield>
  <datafield tag="791" ind1="0" ind2="0">
    <subfield code="a">Righettini, Aurelio</subfield>
    <subfield code="3">IT\ICCU\CNCT\002550</subfield>
    <subfield code="z">Reghettini, Aurelio</subfield>
  </datafield>
  <datafield tag="791" ind1="0" ind2="0">
    <subfield code="a">Reghettinus, Aurelius</subfield>
    <subfield code="3">IT\ICCU\CNCT\005342</subfield>
    <subfield code="z">Reghettini, Aurelio</subfield>
  </datafield>
  <datafield tag="791" ind1="0" ind2="0">
    <subfield code="a">Righetinus, Aurelius</subfield>
    <subfield code="3">IT\ICCU\CNCT\005351</subfield>
    <subfield code="z">Reghettini, Aurelio</subfield>
  </datafield>
  <datafield tag="791" ind1="0" ind2="0">
    <subfield code="a">Zanettus, Fabritius</subfield>
    <subfield code="3">IT\ICCU\CNCT\005794</subfield>
    <subfield code="z">Zanetti, Fabrizio</subfield>
  </datafield>
  <datafield tag="801" ind1=" " ind2="3">
    <subfield code="a">IT</subfield>
    <subfield code="b">ICCU</subfield>
    <subfield code="c">20201115</subfield>
  </datafield>
</record>
</collection>
